@Book{AIMA,
  author    = {Stuart Russell and Peter Norvig},
  title     = {Artificial Intelligence: A Modern Approach},
  year      = {2009},
  isbn      = {0-136-04259-7},
  pages     = {1--152},
  publisher = {Pearson}
}

@Book{CorLeiRivSte-ita09,
  author    = {Thomas H. Cormen and Charles E. Leiserson and Ronald L. Rivest and Clifford Stein},
  title     = {Introduction to Algorithms},
  year      = {2009},
  isbn      = {0-262-03384-4},
  pages     = {1--312},
  publisher = {The MIT Press}
}

@Inproceedings{Russell-ecai92,
  author    = {Stuart Russell},
  title     = {Efficient memory-bounded search methods},
  year      = {1992},
  isbn      = {0-471-93608-1},
  booktitle = {Proceedings of the 10th European Conference on Artificial Intelligence (ECAI)}
}